<?xml version="1.0" encoding="UTF-8"?><collection xmlns="http://www.loc.gov/MARC21/slim"><record><leader>00432nam--2200133-i-4500</leader><controlfield tag="001">000031692</controlfield><controlfield tag="002">20161230</controlfield><controlfield tag="005">20161230201038</controlfield><controlfield tag="008">060222s1000------------r-----000-0-eng-d</controlfield><datafield ind1=" " ind2=" " tag="100"><subfield code="a">Marvin, Simon K</subfield></datafield><datafield ind1=" " ind2=" " tag="260"><subfield code="a">Phase-locked Loops And Their Application</subfield></datafield><datafield ind1=" " ind2=" " tag="490"><subfield code="a">New York, Ieee Press, The Institute Of Electrical And Electronics Engineers,Inc., 1978. Vii+431p</subfield></datafield><datafield ind1=" " ind2=" " tag="700"><subfield code="a">Lindsey, William C</subfield></datafield><datafield ind1=" " ind2=" " tag="852"><subfield code="a">681.5.01:621.391.883.2:621.31</subfield></datafield></record></collection>